@misc{rfc5322,
    author = {P. Resnick},
    title = {Internet Message Format},
    year = {2008},
    howpublished = {Request for Comments 5322},
    publisher = {Internet Engineering Task Force},
    url = "https://www.rfc-editor.org/rfc/rfc5322",
}
