@misc{postgresql_identity,
  author       = {{PostgreSQL Global Development Group}},
  title        = {Identity Columns},
  howpublished = {\url{https://www.postgresql.org/docs/current/ddl-identity-columns.html}},
}